
@article{B-UMethod1,
  title = {Saliency Detection via a Multi-Layer Graph Based Diffusion Model},
  author = {Jiang, Bo and He, Zhouqin and Ding, Chris and Luo, Bin},
  year = {2018},
  month = nov,
  journal = {Neurocomputing},
  volume = {314},
  pages = {215--223},
  issn = {09252312},
  keywords = {Graph-based}
}

@article{B-UMethod2,
  title = {Saliency Detection via a Multi-Layer Graph Based Diffusion Model},
  author = {Jiang, Bo and He, Zhouqin and Ding, Chris and Luo, Bin},
  year = {2018},
  month = nov,
  journal = {Neurocomputing},
  volume = {314},
  pages = {215--223},
  issn = {09252312},
  keywords = {Graph-based}
}

@article{B-UMethod3,
  title = {Saliency Detection via a Multi-Layer Graph Based Diffusion Model},
  author = {Jiang, Bo and He, Zhouqin and Ding, Chris and Luo, Bin},
  year = {2018},
  month = nov,
  journal = {Neurocomputing},
  volume = {314},
  pages = {215--223},
  issn = {09252312},
  keywords = {Graph-based}
}

@book{TSHU,
  author    = {张三},
  title     = {图书名},
  edition   = {第一版},
  address   = {哈尔滨},
  publisher = {东北林业大学出版社},
  year      = {2023},
  pages     = {1--10}
}

@article{QKLW,
  author    = {张三},
  title     = {期刊论文名},
  journal   = {东北林业大学自然科学学报},
  year      = {2023},
  volume    = {1},
  number    = {2},
  pages     = {1--3}
}

@inproceedings{HYLW,
  author    = {张三},
  title     = {会议论文名},
  editor    = {李四},
  booktitle = {东北林业大学数学会议},
  year      = {2023},
  address   = {哈尔滨},
  publisher = {东北林业大学出版社},
  pages     = {1--3}
}

@mastersthesis{XWLW,
  author    = {张三},
  title     = {硕士论文名},
  school    = {东北林业大学},
  year      = {2023},
  type      = {硕士论文},
  pages     = {1--3}
}

@article{ZZWS2020,
  author    = {Zhu, N. and Zhang, D. and Wang, W. and others},
  title     = {A novel coronavirus from patients with pneumonia in China},
  journal   = {New England Journal of Medicine},
  year      = {2020},
  volume    = {382},
  pages     = {727--733}
}

@article{ZDX2021,
  author    = {Zhang, H. and Du, F. and Cao, X. and others},
  title     = {Clinical characteristics of coronavirus disease 2019 (COVID-19) in patients out of Wuhan from China: a case control study},
  journal   = {BMC Infectious Diseases},
  year      = {2021},
  volume    = {21},
  pages     = {207}
}

@article{HBJ2022,
  author    = {Hassan, M A and Bala, A A and Jatau, A I},
  title     = {Low rate of COVID-19 vaccination in Africa: a cause for concern},
  journal   = {Therapeutic Advances in Vaccines Immunotherapy},
  year      = {2022},
  volume    = {10},
  pages     = {1--3}
}